<record><leader>00000cas a22000007a 4500</leader><controlfield tag="001">10716335</controlfield><controlfield tag="008">840510d19001900mtuwr ne      0    0eng d</controlfield><datafield ind1=" " ind2=" " tag="010"><subfield code="a">sn 84036067 </subfield></datafield><datafield ind1=" " ind2=" " tag="040"><subfield code="a">MTL</subfield><subfield code="b">eng</subfield><subfield code="c">MTL</subfield><subfield code="d">CNQ</subfield><subfield code="d">OCLCQ</subfield></datafield><datafield ind1=" " ind2=" " tag="042"><subfield code="a">msc</subfield></datafield><datafield ind1="0" ind2="4" tag="245"><subfield code="a">The swift current courier.</subfield></datafield><datafield ind1=" " ind2=" " tag="260"><subfield code="a">Altyn, Teton County, Mont. :</subfield><subfield code="b">Hamilton &amp; MacLeod</subfield></datafield><datafield ind1=" " ind2=" " tag="300"><subfield code="a">v.</subfield></datafield><datafield ind1=" " ind2=" " tag="310"><subfield code="a">Weekly</subfield></datafield><datafield ind1="0" ind2=" " tag="362"><subfield code="a">Vol. 1, no. 1 (Sept. 1, 1900)-</subfield></datafield><datafield ind1=" " ind2=" " tag="500"><subfield code="a">"Single-issue newspaper." Cf. Buchholtz, C.W. Man in Glacier.</subfield></datafield><datafield ind1=" " ind2=" " tag="752"><subfield code="a">United States</subfield><subfield code="b">Montana</subfield><subfield code="c">Glacier</subfield><subfield code="d">Altyn.</subfield></datafield><datafield ind1="1" ind2=" " tag="029"><subfield code="a">AU@</subfield><subfield code="b">000025808897</subfield></datafield></record>